<?xml version="1.0" encoding="UTF-8"?><collection xmlns="http://www.loc.gov/MARC21/slim"><record><leader>00352nam--2200133-i-4500</leader><controlfield tag="001">000039718</controlfield><controlfield tag="002">20161230</controlfield><controlfield tag="005">20161230201042</controlfield><controlfield tag="008">060222s1000------------r-----000-0-eng-d</controlfield><datafield ind1=" " ind2=" " tag="080"><subfield code="a">615.1:621.039.83</subfield></datafield><datafield ind1=" " ind2=" " tag="245"><subfield code="a">Isotopes in experimental pharmacology</subfield></datafield><datafield ind1=" " ind2=" " tag="260"><subfield code="a">Chicago, The Univ.Of Chicaago Press, 1965, 488p</subfield></datafield><datafield ind1=" " ind2=" " tag="700"><subfield code="a">Roth, Lloyd J</subfield></datafield><datafield ind1=" " ind2=" " tag="852"><subfield code="a">22724</subfield></datafield></record></collection>